@article{klein1993m,
	title={M. Randic, Resistance distance},
	author={Klein, DJ},
	journal={J. Math. Chem},
	volume={12},
	number={1},
	pages={81--95},
	year={1993}
}

@article{ellens2013graph,
	title={Graph measures and network robustness},
	author={Ellens, Wendy and Kooij, Robert E},
	journal={arXiv preprint arXiv:1311.5064},
	year={2013}
}

@article{watts1998collective,
	title={Collective dynamics of ‘small-world’networks},
	author={Watts, Duncan J and Strogatz, Steven H},
	journal={nature},
	volume={393},
	number={6684},
	pages={440--442},
	year={1998},
	publisher={Nature Publishing Group}
}

@inproceedings{yamashita2021effective,
	title={Effective node resistance and its implication on network robustness},
	author={Yamashita, Kazuyuki and Ohsaki, Hiroyuki},
	booktitle={2021 International Conference on Information Networking (ICOIN)},
	pages={149--153},
	year={2021},
	organization={IEEE}
}

@article{albert2000error,
	title={Error and attack tolerance of complex networks},
	author={Albert, R{\'e}ka and Jeong, Hawoong and Barab{\'a}si, Albert-L{\'a}szl{\'o}},
	journal={nature},
	volume={406},
	number={6794},
	pages={378--382},
	year={2000},
	publisher={Nature Publishing Group UK London}
}

@book{tucker2012applied,
	title={Applied combinatorics},
	author={Tucker, Alan},
	year={2012},
	publisher={John Wiley \& Sons, Inc.}
}
@article{mason2007graph,
	title={Graph theory and networks in biology},
	author={Mason, Oliver and Verwoerd, Mark},
	journal={IET systems biology},
	volume={1},
	number={2},
	pages={89--119},
	year={2007},
	publisher={IET}
}
